% This file was created with JabRef 2.7b.
% Encoding: UTF8

@ARTICLE{arm_exploiting_linux,
  author = {Emanuele Acri},
  title = {Exploiting ARM Linux Systems},
  year = {2011},
  owner = {claud},
  timestamp = {2011.12.25},
  url = {http://www.exploit-db.com/download_pdf/16151/}
}

@CONFERENCE{arm_stack_exploitation,
  author = {Itzhak Avraham},
  title = {Non-Executable Stack ARM Exploitation},
  booktitle = {Black Hat DC},
  year = {2011},
  owner = {claud},
  timestamp = {2011.12.25}
}

@CONFERENCE{arm_exploitation,
  author = {Itzhak Avraham},
  title = {Exploitation on ARM: Technique and bypassing defense mechanisms},
  booktitle = {Def Con 18},
  year = {2010},
  owner = {claud},
  timestamp = {2011.12.25}
}

@CONFERENCE{aslr_android,
  author = {Hristo Bojinov},
  title = {Address Space Randomization for Mobile Devices},
  booktitle = {ACM WiSec},
  year = {2011},
  owner = {claud},
  timestamp = {2011.12.29}
}

@CONFERENCE{arm_ropmap,
  author = {Long Le, Thanh Nguyen},
  title = {ARM exploitation ROPmap},
  booktitle = {Black Hat USA},
  year = {2011},
  owner = {claud},
  timestamp = {2011.12.25}
}

@ARTICLE{arm_alphanumeric,
  author = {YYounan, PPhilippaerts},
  title = {Alphanumeric RISC ARM Shellcode},
  journal = {Phrack Magazine},
  year = {2009},
  volume = {13},
  number = {66},
  owner = {claud},
  timestamp = {2011.12.25}
}

@comment{jabref-meta: selector_publisher:}

@comment{jabref-meta: selector_author:}

@comment{jabref-meta: selector_journal:}

@comment{jabref-meta: selector_keywords:}

