@MISC{amatutor-cn,
  author = {Claud Xiao},
  title = {~Android恶意代码分析教程~},
  howpublished = {\url{http://github.com/secmobi/amatutor}},
  year = {2012}
}
